<record><leader>00000cas a2200000 a 4500</leader><controlfield tag="001">18608534</controlfield><controlfield tag="008">881014d18uu1926iluwr ne      0   a0eng c</controlfield><datafield ind1=" " ind2=" " tag="010"><subfield code="a">sn 88061244 </subfield></datafield><datafield ind1=" " ind2=" " tag="040"><subfield code="a">KNP</subfield><subfield code="b">eng</subfield><subfield code="c">KNP</subfield><subfield code="d">NVF</subfield><subfield code="d">KNP</subfield><subfield code="d">NVF</subfield><subfield code="d">OCL</subfield><subfield code="d">NVF</subfield><subfield code="d">OCLCQ</subfield><subfield code="d">OCLCF</subfield><subfield code="d">OCLCO</subfield><subfield code="d">NVF</subfield><subfield code="d">OCLCO</subfield></datafield><datafield ind1="1" ind2=" " tag="029"><subfield code="a">AU@</subfield><subfield code="b">000020237166</subfield></datafield><datafield ind1=" " ind2=" " tag="042"><subfield code="a">pcc</subfield></datafield><datafield ind1=" " ind2=" " tag="043"><subfield code="a">n-us-il</subfield></datafield><datafield ind1="0" ind2="4" tag="245"><subfield code="a">The Rantoul weekly press.</subfield></datafield><datafield ind1="1" ind2="3" tag="246"><subfield code="a">Rantoul press</subfield></datafield><datafield ind1=" " ind2=" " tag="260"><subfield code="a">Rantoul, Champaign County, Ill. :</subfield><subfield code="b">F.E. Pinkerton</subfield></datafield><datafield ind1="2" ind2=" " tag="260"><subfield code="3">&lt;July 4, 1917-Oct. 5, 1919&gt;</subfield><subfield code="a">Rantoul, Champaign County, Ill. :</subfield><subfield code="b">Frank E. Riker</subfield></datafield><datafield ind1="3" ind2=" " tag="260"><subfield code="3">Oct. 22, 1919-&lt;&gt;</subfield><subfield code="a">Rantoul, Champaign County, Ill. :</subfield><subfield code="b">Rantoul Press Inc.</subfield></datafield><datafield ind1=" " ind2=" " tag="300"><subfield code="a">v.</subfield></datafield><datafield ind1=" " ind2=" " tag="310"><subfield code="a">Weekly</subfield></datafield><datafield ind1="1" ind2=" " tag="362"><subfield code="a">Ceased in 1926.</subfield></datafield><datafield ind1="4" ind2=" " tag="521"><subfield code="a">Title serves: Rantoul, Penfield, Flatville, Thomasboro, Ludlow, and Gifford.</subfield></datafield><datafield ind1=" " ind2=" " tag="588"><subfield code="a">Description based on: Vol. 8, no. 21 (Nov. 12, 1881).</subfield></datafield><datafield ind1=" " ind2=" " tag="588"><subfield code="a">Latest issue consulted: Nov. 18, 1926.</subfield></datafield><datafield ind1=" " ind2="0" tag="651"><subfield code="a">Rantoul (Ill.)</subfield><subfield code="v">Newspapers.</subfield></datafield><datafield ind1=" " ind2="0" tag="651"><subfield code="a">Penfield (Ill.)</subfield><subfield code="v">Newspapers.</subfield></datafield><datafield ind1=" " ind2="0" tag="651"><subfield code="a">Flatville (Ill.)</subfield><subfield code="v">Newspapers.</subfield></datafield><datafield ind1=" " ind2="0" tag="651"><subfield code="a">Thomasboro (Ill.)</subfield><subfield code="v">Newspapers.</subfield></datafield><datafield ind1=" " ind2="0" tag="651"><subfield code="a">Ludlow (Ill.)</subfield><subfield code="v">Newspapers.</subfield></datafield><datafield ind1=" " ind2="0" tag="651"><subfield code="a">Gifford (Ill.)</subfield><subfield code="v">Newspapers.</subfield></datafield><datafield ind1=" " ind2="7" tag="651"><subfield code="a">Illinois</subfield><subfield code="z">Rantoul.</subfield><subfield code="2">fast</subfield><subfield code="0">(OCoLC)fst01217906</subfield></datafield><datafield ind1=" " ind2="7" tag="655"><subfield code="a">Newspapers.</subfield><subfield code="2">fast</subfield><subfield code="0">(OCoLC)fst01423814</subfield></datafield><datafield ind1=" " ind2=" " tag="752"><subfield code="a">United States</subfield><subfield code="b">Illinois</subfield><subfield code="c">Champaign County</subfield><subfield code="d">Rantoul.</subfield></datafield><datafield ind1="0" ind2="0" tag="785"><subfield code="t">Rantoul press (Rantoul, Ill. : 1926)</subfield><subfield code="w">(DLC)sn 88061245</subfield><subfield code="w">(OCoLC)18608611</subfield></datafield></record>